<record xmlns="http://www.loc.gov/MARC21/slim" xmlns:xsi="http://www.w3.org/2001/XMLSchema-instance" xsi:schemaLocation="http://www.loc.gov/MARC21/slim http://www.loc.gov/standards/marcxml/schema/MARC21slim.xsd"><leader>00037nz   2200037n  4500</leader><controlfield tag="001">DNB|102404178</controlfield><controlfield tag="003">DNB</controlfield><controlfield tag="005">20080405190930.0</controlfield><controlfield tag="008">930416n||aznnnabbn           | aaa    |c</controlfield><datafield ind1=" " ind2=" " tag="035"><subfield code="a">(DE-101)102404178</subfield></datafield><datafield ind1=" " ind2=" " tag="035"><subfield code="a">(DE-588a)102404178</subfield></datafield><datafield ind1=" " ind2=" " tag="040"><subfield code="a">DE-12</subfield><subfield code="b">ger</subfield><subfield code="c">DE-101</subfield><subfield code="e">rakwb</subfield><subfield code="d">9999</subfield></datafield><datafield ind1=" " ind2=" " tag="079"><subfield code="a">p</subfield><subfield code="q">f</subfield><subfield code="q">p</subfield><subfield code="t">12-PAN</subfield></datafield><datafield ind1="0" ind2=" " tag="100"><subfield code="a">Posidippus</subfield><subfield code="c">Comicus</subfield><subfield code="d">3. Jh. v. Chr.</subfield></datafield><datafield ind1="0" ind2=" " tag="400"><subfield code="a">Poseidippos</subfield><subfield code="c">von Kassandreia</subfield><subfield code="d">3. Jh. v. Chr.</subfield></datafield><datafield ind1="0" ind2=" " tag="400"><subfield code="a">Poseidippos</subfield><subfield code="c">von Kassandrei</subfield><subfield code="d">3. Jh. v. Chr.</subfield></datafield><datafield ind1="0" ind2=" " tag="400"><subfield code="a">Poseidippos</subfield><subfield code="c">Dichter der Neuen Komödie</subfield><subfield code="d">3. Jh. v. Chr.</subfield></datafield><datafield ind1="0" ind2=" " tag="400"><subfield code="a">Posidippus</subfield><subfield code="c">Dramatist</subfield><subfield code="d">3. Jh. v. Chr.</subfield></datafield><datafield ind1="0" ind2=" " tag="400"><subfield code="a">Posidippo</subfield><subfield code="c">di Cassandrea</subfield><subfield code="d">3. Jh. v. Chr.</subfield></datafield><datafield ind1=" " ind2=" " tag="549"><subfield code="w">i</subfield><subfield code="i">Lebensdaten</subfield><subfield code="a">3. Jh. v. Chr.</subfield></datafield><datafield ind1=" " ind2=" " tag="996"><subfield code="2">J9Ulat|000107247</subfield></datafield><datafield ind1=" " ind2=" " tag="996"><subfield code="2">PICA|069951551</subfield></datafield><datafield ind1=" " ind2=" " tag="996"><subfield code="2">LC|nr 97044893</subfield></datafield><datafield ind1=" " ind2=" " tag="996"><subfield code="2">BNF|12142862</subfield></datafield><datafield ind1=" " ind2=" " tag="996"><subfield code="2">PICA|069951543</subfield></datafield><datafield ind1=" " ind2=" " tag="997"><subfield code="a">0 0 lived</subfield><subfield code="9">1</subfield></datafield></record>